<record><leader>00000cas a22000007a 4500</leader><controlfield tag="001">18102227</controlfield><controlfield tag="008">880617d19171923ohuir ne      0    0eng d</controlfield><datafield ind1=" " ind2=" " tag="010"><subfield code="a">sn 88077519 </subfield></datafield><datafield ind1=" " ind2=" " tag="040"><subfield code="a">ONP</subfield><subfield code="b">eng</subfield><subfield code="c">ONP</subfield><subfield code="d">OCLCQ</subfield></datafield><datafield ind1=" " ind2=" " tag="042"><subfield code="a">msc</subfield></datafield><datafield ind1="0" ind2="4" tag="245"><subfield code="a">The Tri-weekly Madison County Democrat.</subfield></datafield><datafield ind1=" " ind2=" " tag="260"><subfield code="a">London, Ohio :</subfield><subfield code="b">Chester E. Bryan,</subfield><subfield code="c">1917-1923.</subfield></datafield><datafield ind1=" " ind2=" " tag="310"><subfield code="a">Triweekly</subfield></datafield><datafield ind1="0" ind2=" " tag="362"><subfield code="a">60th year, no. 60 (June 20, 1917)-[66th year, no. 115] (Sept. 28, 1923).</subfield></datafield><datafield ind1=" " ind2=" " tag="752"><subfield code="a">United States</subfield><subfield code="b">Ohio</subfield><subfield code="c">Madison</subfield><subfield code="d">London.</subfield></datafield><datafield ind1="0" ind2="0" tag="780"><subfield code="t">Semi-weekly Madison County Democrat (London, Ohio : 1901)</subfield><subfield code="w">(DLC)sn 88077517</subfield></datafield><datafield ind1="0" ind2="0" tag="785"><subfield code="t">Semi-weekly Madison County Democrat (London, Ohio : 1923)</subfield><subfield code="w">(DLC)sn 88077520</subfield></datafield></record>